@article{gcc,
  title={GCC Optimize Options},
  author={{Free Software Foundation, Inc.}},
  year={1988-2025},
  journal={A GNU Manual},
  url={https://gcc.gnu.org/onlinedocs/gcc/Optimize-Options.html#index-O0},
	language = {spanish}
}