@article{burrell,
  title={Comprensión del desplazamiento de bits},
  author={Burrell, Stephanie},
  year={2014},
  journal={Wraycastle, empowering the telecoms world},
  url={https://wraycastle.com/es/blogs/knowledge-base/bit-shift-calculator#:~:text=El%20desplazamiento%20de%20bits%20es%20una%20operaci%C3%B3n%20que%20implica%20mover,n%C3%BAmero%20por%20potencias%20de%20dos},
	language = {spanish}
}

@book{aho,
  title={Compiladores. Principios, técnicas y herramientas},
  author={Aho, Alfred V. and Lam, Monica S. and Sethi, Ravi and Ullman, Jeffrey D.},
  year={2008},
  publisher={Pearson. Addison Wesley},
	language = {spanish}
}

@article{gcc,
  title={GCC Optimize Options},
  author={{Free Software Foundation, Inc.}},
  year={1988-2025},
  journal={A GNU Manual},
  url={https://gcc.gnu.org/onlinedocs/gcc/Optimize-Options.html#index-O0},
	language = {spanish}
}



