@article{art,
  title={A technique for variable dependence driven loop peeling},
  author={Song, Litong and Kavi, Krishna M.},
  year={2002},
  journal={Dept. Computer Science. University of North Texas},
  url={https://www.researchgate.net/publication/4001066_A_technique_for_variable_dependence_driven_loop_peeling},
	language = {spanish}
}


