@article{gcc,
  title={GCC Optimize Options},
  author={{Free Software Foundation, Inc.}},
  year={1988-2025},
  journal={A GNU Manual},
  url={https://gcc.gnu.org/onlinedocs/gcc/Optimize-Options.html#index-O0},
	language = {spanish}
}

@book{aho,
  title={Compiladores. Principios, t√©cnicas y herramientas},
  author={Aho, Alfred V. and Lam, Monica S. and Sethi, Ravi and Ullman, Jeffrey D.},
  year={2008},
  publisher={Pearson. Addison Wesley},
	language = {spanish}
}